%YAML 1.1
%TAG !u! tag:unity3d.com,2011:
--- !u!1001 &2665901616111946493
PrefabInstance:
  m_ObjectHideFlags: 0
  serializedVersion: 2
  m_Modification:
    m_TransformParent: {fileID: 0}
    m_Modifications:
    - target: {fileID: -8867477870038081954, guid: a8b6effd86877724e8df929c244c5ac5, type: 3}
      propertyPath: m_Materials.Array.data[0]
      value: 
      objectReference: {fileID: 2100000, guid: ab83ff38272f1f74484a52ada3557316, type: 2}
    - target: {fileID: -8679921383154817045, guid: a8b6effd86877724e8df929c244c5ac5, type: 3}
      propertyPath: m_RootOrder
      value: 0
      objectReference: {fileID: 0}
    - target: {fileID: -8679921383154817045, guid: a8b6effd86877724e8df929c244c5ac5, type: 3}
      propertyPath: m_LocalScale.x
      value: 1.2515674
      objectReference: {fileID: 0}
    - target: {fileID: -8679921383154817045, guid: a8b6effd86877724e8df929c244c5ac5, type: 3}
      propertyPath: m_LocalScale.y
      value: 1.2515674
      objectReference: {fileID: 0}
    - target: {fileID: -8679921383154817045, guid: a8b6effd86877724e8df929c244c5ac5, type: 3}
      propertyPath: m_LocalScale.z
      value: 1.2515674
      objectReference: {fileID: 0}
    - target: {fileID: -8679921383154817045, guid: a8b6effd86877724e8df929c244c5ac5, type: 3}
      propertyPath: m_LocalPosition.x
      value: 0
      objectReference: {fileID: 0}
    - target: {fileID: -8679921383154817045, guid: a8b6effd86877724e8df929c244c5ac5, type: 3}
      propertyPath: m_LocalPosition.y
      value: 0
      objectReference: {fileID: 0}
    - target: {fileID: -8679921383154817045, guid: a8b6effd86877724e8df929c244c5ac5, type: 3}
      propertyPath: m_LocalPosition.z
      value: 0
      objectReference: {fileID: 0}
    - target: {fileID: -8679921383154817045, guid: a8b6effd86877724e8df929c244c5ac5, type: 3}
      propertyPath: m_LocalRotation.w
      value: 1
      objectReference: {fileID: 0}
    - target: {fileID: -8679921383154817045, guid: a8b6effd86877724e8df929c244c5ac5, type: 3}
      propertyPath: m_LocalRotation.x
      value: 0
      objectReference: {fileID: 0}
    - target: {fileID: -8679921383154817045, guid: a8b6effd86877724e8df929c244c5ac5, type: 3}
      propertyPath: m_LocalRotation.y
      value: 0
      objectReference: {fileID: 0}
    - target: {fileID: -8679921383154817045, guid: a8b6effd86877724e8df929c244c5ac5, type: 3}
      propertyPath: m_LocalRotation.z
      value: 0
      objectReference: {fileID: 0}
    - target: {fileID: -8679921383154817045, guid: a8b6effd86877724e8df929c244c5ac5, type: 3}
      propertyPath: m_LocalEulerAnglesHint.x
      value: 0
      objectReference: {fileID: 0}
    - target: {fileID: -8679921383154817045, guid: a8b6effd86877724e8df929c244c5ac5, type: 3}
      propertyPath: m_LocalEulerAnglesHint.y
      value: 0
      objectReference: {fileID: 0}
    - target: {fileID: -8679921383154817045, guid: a8b6effd86877724e8df929c244c5ac5, type: 3}
      propertyPath: m_LocalEulerAnglesHint.z
      value: 0
      objectReference: {fileID: 0}
    - target: {fileID: -7791443408913176156, guid: a8b6effd86877724e8df929c244c5ac5, type: 3}
      propertyPath: m_Materials.Array.data[0]
      value: 
      objectReference: {fileID: 2100000, guid: 9a6864525ee1f5c448f7d696de5e1eb0, type: 2}
    - target: {fileID: -1461304994638716399, guid: a8b6effd86877724e8df929c244c5ac5, type: 3}
      propertyPath: m_Materials.Array.data[0]
      value: 
      objectReference: {fileID: 2100000, guid: ab83ff38272f1f74484a52ada3557316, type: 2}
    - target: {fileID: -859322575320243141, guid: a8b6effd86877724e8df929c244c5ac5, type: 3}
      propertyPath: m_LocalRotation.w
      value: 0.5
      objectReference: {fileID: 0}
    - target: {fileID: -859322575320243141, guid: a8b6effd86877724e8df929c244c5ac5, type: 3}
      propertyPath: m_LocalRotation.x
      value: -0.5
      objectReference: {fileID: 0}
    - target: {fileID: -859322575320243141, guid: a8b6effd86877724e8df929c244c5ac5, type: 3}
      propertyPath: m_LocalRotation.y
      value: -0.5
      objectReference: {fileID: 0}
    - target: {fileID: -859322575320243141, guid: a8b6effd86877724e8df929c244c5ac5, type: 3}
      propertyPath: m_LocalRotation.z
      value: 0.5
      objectReference: {fileID: 0}
    - target: {fileID: -859322575320243141, guid: a8b6effd86877724e8df929c244c5ac5, type: 3}
      propertyPath: m_LocalEulerAnglesHint.y
      value: -90
      objectReference: {fileID: 0}
    - target: {fileID: -859322575320243141, guid: a8b6effd86877724e8df929c244c5ac5, type: 3}
      propertyPath: m_LocalEulerAnglesHint.z
      value: 90
      objectReference: {fileID: 0}
    - target: {fileID: -681207621799261623, guid: a8b6effd86877724e8df929c244c5ac5, type: 3}
      propertyPath: m_LocalRotation.w
      value: 0.7071068
      objectReference: {fileID: 0}
    - target: {fileID: -681207621799261623, guid: a8b6effd86877724e8df929c244c5ac5, type: 3}
      propertyPath: m_LocalRotation.x
      value: 0.7071068
      objectReference: {fileID: 0}
    - target: {fileID: -681207621799261623, guid: a8b6effd86877724e8df929c244c5ac5, type: 3}
      propertyPath: m_LocalRotation.z
      value: 0
      objectReference: {fileID: 0}
    - target: {fileID: -681207621799261623, guid: a8b6effd86877724e8df929c244c5ac5, type: 3}
      propertyPath: m_LocalEulerAnglesHint.x
      value: 90
      objectReference: {fileID: 0}
    - target: {fileID: 919132149155446097, guid: a8b6effd86877724e8df929c244c5ac5, type: 3}
      propertyPath: m_Name
      value: room
      objectReference: {fileID: 0}
    - target: {fileID: 2380718651202138832, guid: a8b6effd86877724e8df929c244c5ac5, type: 3}
      propertyPath: m_Materials.Array.data[0]
      value: 
      objectReference: {fileID: 2100000, guid: ab83ff38272f1f74484a52ada3557316, type: 2}
    - target: {fileID: 4083501151425157549, guid: a8b6effd86877724e8df929c244c5ac5, type: 3}
      propertyPath: m_LocalRotation.w
      value: 0
      objectReference: {fileID: 0}
    - target: {fileID: 4083501151425157549, guid: a8b6effd86877724e8df929c244c5ac5, type: 3}
      propertyPath: m_LocalRotation.x
      value: 0.7071068
      objectReference: {fileID: 0}
    - target: {fileID: 4083501151425157549, guid: a8b6effd86877724e8df929c244c5ac5, type: 3}
      propertyPath: m_LocalRotation.y
      value: 0.7071068
      objectReference: {fileID: 0}
    - target: {fileID: 4083501151425157549, guid: a8b6effd86877724e8df929c244c5ac5, type: 3}
      propertyPath: m_LocalRotation.z
      value: -0
      objectReference: {fileID: 0}
    - target: {fileID: 4083501151425157549, guid: a8b6effd86877724e8df929c244c5ac5, type: 3}
      propertyPath: m_LocalEulerAnglesHint.x
      value: 180
      objectReference: {fileID: 0}
    - target: {fileID: 4083501151425157549, guid: a8b6effd86877724e8df929c244c5ac5, type: 3}
      propertyPath: m_LocalEulerAnglesHint.y
      value: 0
      objectReference: {fileID: 0}
    - target: {fileID: 4083501151425157549, guid: a8b6effd86877724e8df929c244c5ac5, type: 3}
      propertyPath: m_LocalEulerAnglesHint.z
      value: -90
      objectReference: {fileID: 0}
    - target: {fileID: 4406155116359948159, guid: a8b6effd86877724e8df929c244c5ac5, type: 3}
      propertyPath: m_LocalRotation.w
      value: 0.7071068
      objectReference: {fileID: 0}
    - target: {fileID: 4406155116359948159, guid: a8b6effd86877724e8df929c244c5ac5, type: 3}
      propertyPath: m_LocalRotation.x
      value: 0
      objectReference: {fileID: 0}
    - target: {fileID: 4406155116359948159, guid: a8b6effd86877724e8df929c244c5ac5, type: 3}
      propertyPath: m_LocalRotation.y
      value: 0
      objectReference: {fileID: 0}
    - target: {fileID: 4406155116359948159, guid: a8b6effd86877724e8df929c244c5ac5, type: 3}
      propertyPath: m_LocalRotation.z
      value: -0.7071068
      objectReference: {fileID: 0}
    - target: {fileID: 4406155116359948159, guid: a8b6effd86877724e8df929c244c5ac5, type: 3}
      propertyPath: m_LocalEulerAnglesHint.y
      value: 0
      objectReference: {fileID: 0}
    - target: {fileID: 4406155116359948159, guid: a8b6effd86877724e8df929c244c5ac5, type: 3}
      propertyPath: m_LocalEulerAnglesHint.z
      value: -90
      objectReference: {fileID: 0}
    - target: {fileID: 5134136590023790061, guid: a8b6effd86877724e8df929c244c5ac5, type: 3}
      propertyPath: m_LocalRotation.w
      value: 0.5
      objectReference: {fileID: 0}
    - target: {fileID: 5134136590023790061, guid: a8b6effd86877724e8df929c244c5ac5, type: 3}
      propertyPath: m_LocalRotation.x
      value: -0.5
      objectReference: {fileID: 0}
    - target: {fileID: 5134136590023790061, guid: a8b6effd86877724e8df929c244c5ac5, type: 3}
      propertyPath: m_LocalRotation.y
      value: -0.5
      objectReference: {fileID: 0}
    - target: {fileID: 5134136590023790061, guid: a8b6effd86877724e8df929c244c5ac5, type: 3}
      propertyPath: m_LocalRotation.z
      value: 0.5
      objectReference: {fileID: 0}
    - target: {fileID: 5134136590023790061, guid: a8b6effd86877724e8df929c244c5ac5, type: 3}
      propertyPath: m_LocalEulerAnglesHint.y
      value: -90
      objectReference: {fileID: 0}
    - target: {fileID: 5134136590023790061, guid: a8b6effd86877724e8df929c244c5ac5, type: 3}
      propertyPath: m_LocalEulerAnglesHint.z
      value: 90
      objectReference: {fileID: 0}
    - target: {fileID: 8616184511030011274, guid: a8b6effd86877724e8df929c244c5ac5, type: 3}
      propertyPath: m_Materials.Array.data[0]
      value: 
      objectReference: {fileID: 2100000, guid: ab83ff38272f1f74484a52ada3557316, type: 2}
    m_RemovedComponents: []
  m_SourcePrefab: {fileID: 100100000, guid: a8b6effd86877724e8df929c244c5ac5, type: 3}
--- !u!1 &796157759620140991 stripped
GameObject:
  m_CorrespondingSourceObject: {fileID: 3455292422214010178, guid: a8b6effd86877724e8df929c244c5ac5, type: 3}
  m_PrefabInstance: {fileID: 2665901616111946493}
  m_PrefabAsset: {fileID: 0}
--- !u!54 &1413800845
Rigidbody:
  m_ObjectHideFlags: 0
  m_CorrespondingSourceObject: {fileID: 0}
  m_PrefabInstance: {fileID: 0}
  m_PrefabAsset: {fileID: 0}
  m_GameObject: {fileID: 796157759620140991}
  serializedVersion: 2
  m_Mass: 1
  m_Drag: 0
  m_AngularDrag: 0.05
  m_UseGravity: 1
  m_IsKinematic: 1
  m_Interpolate: 0
  m_Constraints: 0
  m_CollisionDetection: 0
--- !u!65 &6369631502731875840
BoxCollider:
  m_ObjectHideFlags: 0
  m_CorrespondingSourceObject: {fileID: 0}
  m_PrefabInstance: {fileID: 0}
  m_PrefabAsset: {fileID: 0}
  m_GameObject: {fileID: 796157759620140991}
  m_Material: {fileID: 0}
  m_IsTrigger: 0
  m_Enabled: 1
  serializedVersion: 2
  m_Size: {x: 0.02, y: 0.019999996, z: 0.019999994}
  m_Center: {x: 0, y: 0, z: 0}
--- !u!114 &1413800840
MonoBehaviour:
  m_ObjectHideFlags: 0
  m_CorrespondingSourceObject: {fileID: 0}
  m_PrefabInstance: {fileID: 0}
  m_PrefabAsset: {fileID: 0}
  m_GameObject: {fileID: 796157759620140991}
  m_Enabled: 1
  m_EditorHideFlags: 0
  m_Script: {fileID: 11500000, guid: 38f6bf3d943ac7945842268c9ef1dca6, type: 3}
  m_Name: 
  m_EditorClassIdentifier: 
  m_InteractionManager: {fileID: 0}
  m_Colliders: []
  m_InteractionLayerMask:
    serializedVersion: 2
    m_Bits: 4294967295
  m_InteractionLayers:
    m_Bits: 1
  m_SelectMode: 1
  m_CustomReticle: {fileID: 0}
  m_FirstHoverEntered:
    m_PersistentCalls:
      m_Calls: []
  m_LastHoverExited:
    m_PersistentCalls:
      m_Calls: []
  m_HoverEntered:
    m_PersistentCalls:
      m_Calls: []
  m_HoverExited:
    m_PersistentCalls:
      m_Calls: []
  m_FirstSelectEntered:
    m_PersistentCalls:
      m_Calls: []
  m_LastSelectExited:
    m_PersistentCalls:
      m_Calls: []
  m_SelectEntered:
    m_PersistentCalls:
      m_Calls: []
  m_SelectExited:
    m_PersistentCalls:
      m_Calls: []
  m_Activated:
    m_PersistentCalls:
      m_Calls: []
  m_Deactivated:
    m_PersistentCalls:
      m_Calls: []
  m_OnFirstHoverEntered:
    m_PersistentCalls:
      m_Calls: []
  m_OnLastHoverExited:
    m_PersistentCalls:
      m_Calls: []
  m_OnHoverEntered:
    m_PersistentCalls:
      m_Calls: []
  m_OnHoverExited:
    m_PersistentCalls:
      m_Calls: []
  m_OnSelectEntered:
    m_PersistentCalls:
      m_Calls: []
  m_OnSelectExited:
    m_PersistentCalls:
      m_Calls: []
  m_OnSelectCanceled:
    m_PersistentCalls:
      m_Calls: []
  m_OnActivate:
    m_PersistentCalls:
      m_Calls: []
  m_OnDeactivate:
    m_PersistentCalls:
      m_Calls: []
  m_TeleportationProvider: {fileID: 0}
  m_MatchOrientation: 0
  m_TeleportTrigger: 0
  m_Teleporting:
    m_PersistentCalls:
      m_Calls: []
--- !u!1 &2899832952579110828 stripped
GameObject:
  m_CorrespondingSourceObject: {fileID: 919132149155446097, guid: a8b6effd86877724e8df929c244c5ac5, type: 3}
  m_PrefabInstance: {fileID: 2665901616111946493}
  m_PrefabAsset: {fileID: 0}
--- !u!54 &6369631503921822679
Rigidbody:
  m_ObjectHideFlags: 0
  m_CorrespondingSourceObject: {fileID: 0}
  m_PrefabInstance: {fileID: 0}
  m_PrefabAsset: {fileID: 0}
  m_GameObject: {fileID: 2899832952579110828}
  serializedVersion: 2
  m_Mass: 1
  m_Drag: 0
  m_AngularDrag: 0.05
  m_UseGravity: 1
  m_IsKinematic: 1
  m_Interpolate: 0
  m_Constraints: 0
  m_CollisionDetection: 0
--- !u!1 &6563185601023241361 stripped
GameObject:
  m_CorrespondingSourceObject: {fileID: 9217234437682292332, guid: a8b6effd86877724e8df929c244c5ac5, type: 3}
  m_PrefabInstance: {fileID: 2665901616111946493}
  m_PrefabAsset: {fileID: 0}
--- !u!54 &472332955
Rigidbody:
  m_ObjectHideFlags: 0
  m_CorrespondingSourceObject: {fileID: 0}
  m_PrefabInstance: {fileID: 0}
  m_PrefabAsset: {fileID: 0}
  m_GameObject: {fileID: 6563185601023241361}
  serializedVersion: 2
  m_Mass: 1
  m_Drag: 0
  m_AngularDrag: 0.05
  m_UseGravity: 1
  m_IsKinematic: 1
  m_Interpolate: 0
  m_Constraints: 0
  m_CollisionDetection: 0
--- !u!65 &472332954
BoxCollider:
  m_ObjectHideFlags: 0
  m_CorrespondingSourceObject: {fileID: 0}
  m_PrefabInstance: {fileID: 0}
  m_PrefabAsset: {fileID: 0}
  m_GameObject: {fileID: 6563185601023241361}
  m_Material: {fileID: 0}
  m_IsTrigger: 0
  m_Enabled: 1
  serializedVersion: 2
  m_Size: {x: 0.020004613, y: 0.024587769, z: 0.020501934}
  m_Center: {x: 0.0000023008326, y: 0.0022938848, z: -0.00025090764}
--- !u!1 &6640941258882239213 stripped
GameObject:
  m_CorrespondingSourceObject: {fileID: -516098083770646512, guid: a8b6effd86877724e8df929c244c5ac5, type: 3}
  m_PrefabInstance: {fileID: 2665901616111946493}
  m_PrefabAsset: {fileID: 0}
--- !u!54 &8299623601631599215
Rigidbody:
  m_ObjectHideFlags: 0
  m_CorrespondingSourceObject: {fileID: 0}
  m_PrefabInstance: {fileID: 0}
  m_PrefabAsset: {fileID: 0}
  m_GameObject: {fileID: 6640941258882239213}
  serializedVersion: 2
  m_Mass: 1
  m_Drag: 0
  m_AngularDrag: 0.05
  m_UseGravity: 1
  m_IsKinematic: 1
  m_Interpolate: 0
  m_Constraints: 0
  m_CollisionDetection: 0
--- !u!65 &4909607831402913479
BoxCollider:
  m_ObjectHideFlags: 0
  m_CorrespondingSourceObject: {fileID: 0}
  m_PrefabInstance: {fileID: 0}
  m_PrefabAsset: {fileID: 0}
  m_GameObject: {fileID: 6640941258882239213}
  m_Material: {fileID: 0}
  m_IsTrigger: 0
  m_Enabled: 1
  serializedVersion: 2
  m_Size: {x: 0.020005655, y: 0.05187955, z: 0.02051525}
  m_Center: {x: 0.0000028222644, y: -0.015939772, z: -0.000058316662}
--- !u!1 &7647830491080484439 stripped
GameObject:
  m_CorrespondingSourceObject: {fileID: -3540495426589365078, guid: a8b6effd86877724e8df929c244c5ac5, type: 3}
  m_PrefabInstance: {fileID: 2665901616111946493}
  m_PrefabAsset: {fileID: 0}
--- !u!54 &605692787
Rigidbody:
  m_ObjectHideFlags: 0
  m_CorrespondingSourceObject: {fileID: 0}
  m_PrefabInstance: {fileID: 0}
  m_PrefabAsset: {fileID: 0}
  m_GameObject: {fileID: 7647830491080484439}
  serializedVersion: 2
  m_Mass: 1
  m_Drag: 0
  m_AngularDrag: 0.05
  m_UseGravity: 1
  m_IsKinematic: 1
  m_Interpolate: 0
  m_Constraints: 0
  m_CollisionDetection: 0
--- !u!65 &605692786
BoxCollider:
  m_ObjectHideFlags: 0
  m_CorrespondingSourceObject: {fileID: 0}
  m_PrefabInstance: {fileID: 0}
  m_PrefabAsset: {fileID: 0}
  m_GameObject: {fileID: 7647830491080484439}
  m_Material: {fileID: 0}
  m_IsTrigger: 0
  m_Enabled: 1
  serializedVersion: 2
  m_Size: {x: 0.020000007, y: 0.020000005, z: 0.02}
  m_Center: {x: 0, y: 0, z: 0}
--- !u!1 &8382247237402124454 stripped
GameObject:
  m_CorrespondingSourceObject: {fileID: -3410185793394415013, guid: a8b6effd86877724e8df929c244c5ac5, type: 3}
  m_PrefabInstance: {fileID: 2665901616111946493}
  m_PrefabAsset: {fileID: 0}
--- !u!54 &903972792
Rigidbody:
  m_ObjectHideFlags: 0
  m_CorrespondingSourceObject: {fileID: 0}
  m_PrefabInstance: {fileID: 0}
  m_PrefabAsset: {fileID: 0}
  m_GameObject: {fileID: 8382247237402124454}
  serializedVersion: 2
  m_Mass: 1
  m_Drag: 0
  m_AngularDrag: 0.05
  m_UseGravity: 1
  m_IsKinematic: 1
  m_Interpolate: 0
  m_Constraints: 0
  m_CollisionDetection: 0
--- !u!65 &903972793
BoxCollider:
  m_ObjectHideFlags: 0
  m_CorrespondingSourceObject: {fileID: 0}
  m_PrefabInstance: {fileID: 0}
  m_PrefabAsset: {fileID: 0}
  m_GameObject: {fileID: 8382247237402124454}
  m_Material: {fileID: 0}
  m_IsTrigger: 0
  m_Enabled: 1
  serializedVersion: 2
  m_Size: {x: 0.019999998, y: 0.02, z: 0.020000001}
  m_Center: {x: 0, y: 0, z: 0}
